
@inproceedings{Palacios2014,
address = {Reston, Virginia},
author = {Palacios, Francisco and Duraisamy, Karthik and Aranake, Aniket and Copeland, Sean R and Economon, Thomas D and Lonkar, Amrita K and Lukaczyk, Trent W and Naik, Kedar R and Padron, Santiago and Alonso, Juan J},
booktitle = {52nd Aerospace Sciences Meeting},
doi = {10.2514/6.2014-0243},
file = {:Users/Santiago/Dropbox/Research/Papers/SU2\_AIAA\_SciTech2014.pdf:pdf},
isbn = {978-1-62410-256-1},
mendeley-groups = {AIAA\_JUNE\_14},
month = jan,
number = {January},
pages = {1--33},
publisher = {American Institute of Aeronautics and Astronautics},
title = {{Stanford University Unstructured (SU2): Analysis and Design Technology for Turbulent Flows}},
url = {http://arc.aiaa.org/doi/abs/10.2514/6.2014-0243},
year = {2014}
}




